@online{Atwood2007,
	author = {Atwood, Jeff},
	title = {Why Can't Programmers.. Program?},
	year = {2007},
	url = {https://blog.codinghorror.com/why-cant-programmers-program/},
	urldate = {2016-09-17},
}



@standard{FIPS186-4,
	number = {FIPS 186-4},
	author = {{National Institute of Standards and Technology}},
	title = {Digital Signature Standard (DSS)},
	month = jul,
	year = {2013},
}



@book{Hoggatt1969,
	title = {Fibonacci and Lucas Numbers},
	author = {Hoggatt, Jr, Verner E.},
	year = {1969},
	url = {http://www.fq.math.ca/fibonacci-lucas.html},
	publisher = {Houghton Mifflin},
	location = {Boston, MA, USA},
}



@book{Knuth1998,
	series = {The Art of Computer Programming},
	title = {Seminumerical Algorithms},
	number = {2},
	author = {Knuth, Donald E.},
	edition = {3},
	year = {1998},
	isbn = {0-201-89684-2},
	note = {Twenty-fourth printing, June 2009},
	publisher = {Addison-Wesley},
	location = {Upper Saddle River, NJ, USA},
}



@manual{libgcrypt,
	editor = {{GnuPG Project}},
	title = {The Libgcrypt Reference Manual},
	year = {2015},
	url = {https://gnupg.org/documentation/manuals/gcrypt/Prime_002dNumber_002dGenerator-Subsystem-Architecture.html},
	urldate = {2016-09-17},
}



@misc{Sorensen2015,
	author = {Sorenson, Jonathan P. and Webster, Jonathan},
	title = {Strong Pseudoprimes to Twelve Prime Bases},
	year = {2015},
	eprinttype = {arxiv},
	eprint = {1509.00864},
	eprintclass = {math.NT},
}
